3206 5048
555 363 807 420 1-25-

129 550 210 624 ταῖς
232 545 320 626 ὁδοῖς
345 545 516 626 ἐκώμαζον.
556 547 614 624 τὴν
638 546 691 610 αὐ·
718 543 720 632 ί
746 549 804 610 τοῦ
834 546 932 622 λόγου
960 546 997 608 τὸ
1028 544 1198 623 ἑξάμετρον
1222 542 1304 607 ἰδιώ-
1425 545 1439 572 ·

129 655 198 731 τὴν
214 655 246 718 δὲ
262 656 311 719 καὶ
331 654 511 738 τρυγῳδίαν
527 655 623 732 φασὶ
640 653 692 718 διὰ
746 668 828 741 σατο
852 654 903 718 καὶ
927 652 1042 730 ἐκλήθη
1066 651 1146 730 ἔπος
1170 654 1235 715 κτλ.

132 761 176 824 τὸ
207 766 272 842 τοῖς
306 761 531 839 εὐδοκιμοῦσιν
564 761 615 824 ἐπὶ
646 767 691 845 τῷ

130 868 262 953 Ληναίῳ
297 868 376 948 (ἀπὸ
404 871 461 932 τοῦ
487 871 586 945 ληνοῦ
601 909 605 922 ·
621 887 692 933 oon·

130 975 213 1040 iecit
241 976 451 1056 Brinkmann)
478 979 615 1055 γλεῦκος
648 976 691 1039 δί-

130 1088 258 1158 δοσθαι,
283 1083 364 1163 ὅπερ
384 1083 520 1148 ἐκάλουν
538 1083 649 1164 τρύγα,
672 1083 691 1162 ἢ

113 1191 187 1254 ·ὅτι
219 1192 311 1270 μήπω
347 1191 563 1270 προσωπείων
597 1191 692 1270 ηὑρη·

130 1299 240 1376 μένων
284 1300 375 1377 τρυγὶ
417 1298 613 1378 διαχρίοντες
652 1299 691 1362 τὰ

131 1405 296 1485 πρόσωπα
319 1405 539 1484 ὑπεκρίνοντο.
717 1381 720 1488 ί

241 1513 347 1578 Etiam
372 1513 485 1578 melius
509 1511 654 1578 Proelnm
679 1512 936 1594 recognoscimus
961 1509 993 1574 in
1019 1509 1148 1574 comicis
1171 1508 1305 1602 singulis

131 1619 365 1686 describendis.
412 1619 554 1702 Singulis
577 1618 763 1685 comoediae
787 1617 928 1703 periodis
945 1617 1084 1683 breviter
1107 1615 1225 1682 notatis
1242 1617 1303 1681 sin·

21 1761 23 1786 ι
131 1727 279 1810 gularum
319 1729 491 1812 scriptores
530 1732 754 1792 enumerantur
798 1733 830 1790 et
875 1725 1027 1810 deinceps
1071 1723 1303 1793 describuntur.

130 1835 242 1900 Photii
276 1835 332 1900 ilia
361 1835 460 1900 verba
483 1836 652 1914 Διὲρχεται
682 1836 717 1900 δὲ
744 1833 870 1914 τούτων
898 1833 944 1913 ὡς
968 1831 1039 1897 οἷόν
1067 1854 1101 1897 τε
1128 1835 1179 1896 καὶ
1209 1833 1303 1910 γένος

21 1965 22 2012 3
131 1945 185 2007 καὶ
213 1944 369 2022 πατρίδας
399 1943 450 2006 καί
478 1963 568 2021 τινας
592 1943 643 2006 ἐπὶ
666 1943 783 2020 μέρους
808 1941 937 2020 πράξεις
962 1940 1106 2024 apprime
1129 1941 1160 2004 in
1186 1959 1304 2023 anony-

130 2069 219 2114 mum
247 2049 344 2114 istum
375 2048 544 2131 quadrant.
592 2049 634 2114 Ut
663 2048 868 2132 paucioribus
897 2047 1003 2112 verbis
1030 2047 1123 2132 plura
1147 2045 1303 2122 dicantur,

21 2163 22 2180 ³
130 2157 206 2221 fieri
240 2157 293 2221 vix
328 2163 442 2240 potest.
489 2155 528 2219 Id
561 2156 699 2236 verbum,
734 2175 797 2237 quo
827 2154 983 2220 enuntiati
1014 2155 1166 2236 cuiusque
1194 2154 1305 2219 titulus

130 2263 333 2348 exprimitur,
366 2264 397 2326 in
428 2263 519 2328 initio
548 2264 685 2348 positum
711 2273 770 2344 est,
801 2267 835 2325 ut
858 2261 974 2327 indicis
1004 2261 1074 2330 loeo
1098 2263 1218 2346 scripto
1244 2261 1305 2326 hoe

21 2359 22 2432 Ϊ
129 2371 179 2436 uti
208 2378 317 2455 posset
340 2371 449 2436 lector.
496 2370 592 2434 Velut
616 2369 648 2434 in
673 2370 729 2450 eis,
761 2389 854 2451 quae·
872 2367 911 2433 de
938 2367 1132 2452 Epicharmo
1156 2367 1305 2441 dicuntur

21 2537 23 2574 ἰ
129 2501 162 2543 ν.
191 2479 329 2560 ldsqq.:
365 2476 462 2556 οὗτος
492 2483 621 2557 πρῶτος
652 2480 710 2556 τὴν
738 2478 907 2561 κωμῳδίαν
931 2478 1153 2556 διερριμμένην
1177 2475 1305 2554 ἀνεκτή-

21 2609 23 2660 :
129 2601 217 2650 σατο
241 2585 347 2650 πολλὰ
371 2585 707 2664 προσφιλοτεχνήσας.
747 2585 912 2663 χρόνοις
941 2585 977 2648 δὲ
1004 2585 1139 2662 γέγονε.
1155 2589 1239 2666 ..τῇ
1265 2584 1305 2646 δέ

21 2759 22 2766 ς
129 2693 295 2770 ποιήσει
318 2693 477 2771 γνωμικὸς
492 2741 499 2756 .
515 2741 521 2756 .
537 2741 544 2756 .
558 2695 723 2776 σῳζεται
748 2693 783 2755 δὲ
807 2691 906 2754 αὐτοῦ
922 2740 929 2755 .
945 2740 951 2754 .
967 2740 974 2756 .
1011 2689 1184 2768 Quodlibet
1208 2697 1305 2773 caput

21 2773 22 2790 ³
129 2800 275 2865 eximere
299 2798 384 2884 licet,
408 2805 452 2882 ut,
477 2798 562 2881 quod
587 2799 736 2880 diximus,
760 2799 944 2875 illustretur,
993 2800 1087 2878 §112
1111 2797 1304 2876 Ἀριστοφά·

21 2947 22 2956 1
130 2927 193 2984 νης
219 2907 380 2972 Φιλίππου
405 2909 586 2988 Ἀθηναῖος,
616 2913 724 2991 μακρῷ
756 2908 952 2985 λογιώτατος
977 2906 1155 2984 Ἀθηναίων
1183 2907 1233 2969 καί
1248 2904 1305 2972 εὐ·

130 3015 215 3096 φυίᾳ
238 3013 362 3094 πάντας
387 3015 579 3093 ὑπεραίρων.
615 3017 741 3092 ζηλῶν
766 3015 800 3078 δὲ
825 3012 1041 3092 Εὐριπίδην..
1058 3016 1160 3090 ,τοῖς
1185 3013 1225 3076 δὲ
1249 3013 1305 3091 με’-

21 3189 22 3196 ς
131 3127 222 3188 λεσι
247 3121 450 3201 λεπτότερος.
495 3121 648 3188 ἐδίδαξε
677 3123 712 3185 δὲ
737 3127 867 3200 πρῶτον
891 3121 942 3185 ἐπὶ
966 3119 1124 3200 ἄρχοντος
1149 3121 1304 3198 Διοτίμου

131 3229 187 3294 διὰ
205 3228 459 3308 Καλλιστράτου·
485 3231 553 3307 τὰς
578 3231 647 3308 μὲν
671 3229 739 3308 γὰρ
763 3229 970 3308 πολιτικὰς
994 3228 1098 3312 τούτῳ
1123 3229 1226 3307 φασὶν
1250 3228 1305 3291 αὐ-

21 3367 22 3402 ;
130 3337 191 3401 τὸν
216 3335 340 3400 διδόναι
363 3339 429 3400 κτλ.
473 3337 564 3418 §132
591 3335 785 3415 Ἀντιφάνης
802 3337 859 3413 μέν
875 3334 934 3399 οῦν
947 3335 1116 3414 Στεφάνου
1133 3332 1303 3413 Ἀθηναῖος

133 3443 430 3534 ...καὶιῆρξατα
455 3443 659 3508 διδάσκειν
683 3443 760 3521 μετὰ
784 3444 842 3520 τήν
866 3447 913 3520 νη
930 3441 1121 3522 ὀλυμπιάδα.
1157 3443 1217 3504 καὶ
1241 3462 1305 3520 φα-

21 3577 22 3586 ¹
132 3551 201 3614 σλν
230 3549 330 3614 αὐτὸν
359 3551 544 3626 γενέσθαι
578 3552 635 3629 μὲν
663 3553 729 3614 τιῦν
757 3549 821 3613 ἀπὸ
853 3550 1037 3628 Θεσσαλίας
1067 3549 1101 3612 ἐκ
1130 3547 1305 3630 Λαρίσσης,

132 3661 461 3737 παρεγγραφῆναι
492 3659 527 3721 δὲ
557 3657 601 3736 εἰς
631 3659 689 3735 τὴν
713 3657 890 3735 Ἀθηναίων
919 3657 1083 3721 πολιτείαν
1107 3655 1170 3719 ὑπὸ
1199 3656 1306 3733 Δημο-

133 3765 284 3844 σθένους.
321 3765 469 3841 γενέσθαι
487 3767 522 3828 δὲ
543 3765 694 3842 λέγουσιν
711 3764 810 3828 αὐτὸν
834 3764 1102 3843 εὐφυέστατον
1118 3762 1163 3840 εἰς
1180 3764 1216 3826 τὸ
1232 3761 1306 3841 γρά·

134 3892 210 3953 φειν
239 3873 289 3935 καὶ
321 3877 580 3951 δραματοποιεῑν.
626 3871 858 3950 ἐτελεύτησε
887 3873 1078 3934 δὲ...τιῦν
1106 3871 1148 3933 δὲ
1175 3891 1305 3954 κωμῳ-

134 3983 228 4046 διῶν
261 3980 362 4044 αὐτοῦ
392 4001 482 4060 τινας
511 3982 561 4044 καὶ
590 3980 608 4044 ὁ
638 3981 807 4059 Στέφανος
836 3979 988 4044 ἐδίδαξεν.
1037 3977 1105 4042 ἔστι
1138 3979 1173 4041 δὲ
1206 3977 1304 4044 αὐτοῦ

134 4087 280 4168 δράματα
304 4093 361 4153 οἵ.
1274 4067 1275 4070 ¹

244 4194 339 4260 Certa
364 4193 502 4277 quadam
528 4195 650 4258 ratione
675 4194 801 4276 singula
825 4193 933 4276 capita
963 4194 995 4256 in
1023 4199 1125 4256 totum
1152 4193 1304 4280 scriptum

134 4305 326 4385 inseruntur,
352 4302 447 4368 certis
472 4300 660 4384 quibusdam
685 4300 852 4386 particulis
869 4297 1070 4383 inducuntur,
1095 4299 1182 4363 velut
1198 4319 1227 4362 v.
1248 4299 1304 4361 11:

135 4411 166 4475 οἱ
190 4410 247 4487 μὲν
272 4407 330 4474 οῦν
353 4403 410 4488 τῆς
435 4408 570 4489 ἀρχαίας
594 4410 762 4492 κωμῳδίας
787 4408 914 4486 ποιηταὶ
932 4457 938 4470 .
958 4456 990 4471 ..
1038 4429 1067 4471 ν.
1092 4405 1160 4470 492·
1189 4409 1245 4487 τῆς
1270 4406 1305 4468 δὲ

135 4518 313 4600 μέσης...
359 4539 389 4582 ν.
415 4517 472 4582 63:
512 4521 569 4596 τῆς
598 4517 633 4582 δὲ
663 4516 816 4594 νέας...
867 4514 989 4579 Deinde
1018 4512 1305 4598 primusquisque
