3206 5048
613 379 786 436 ,31-

112 565 311 646 εὐτραπέλου
324 565 492 644 γενόμενοι
508 563 646 641 Ζηλωταὶ
658 561 735 638 τοὺς
749 559 878 640 ἀγῶνας
891 523 1024 626 ἐποίουν
1041 565 1153 631 eteius
1170 575 1285 653 poetae

112 673 317 739 nominantur
327 671 539 758 Epicharmus
556 670 689 752 Magnes
702 667 849 732 Cratinus
862 665 1073 734 Pherecrates
1086 672 1285 758 Phrynichus
1392 681 1395 688 '

113 779 503 866 EupolisAristophanes.
543 777 611 841 Illis
629 781 734 840 autem
753 775 858 840 verbis
876 794 937 840 non
963 775 1095 860 antiqua
1121 784 1286 850 comoedia

112 887 175 952 sed
191 887 364 972 primordia
379 885 580 952 deliniuntur.
621 884 736 965 Neque
760 881 841 948 haec
865 883 992 947 nomina
1016 884 1048 948 in
1071 884 1287 956 definitionem

113 994 285 1078 quadrant.
341 994 458 1061 Nescio
483 1014 523 1058 an
548 993 609 1057 hoo
632 989 832 1076 potissimum
856 991 1006 1075 anonymi
1030 1011 1136 1060 errore
1159 1000 1286 1081 probari

112 1104 218 1188 possit
250 1123 322 1167 eum
351 1103 463 1166 ambas
496 1099 601 1166 Procli
634 1098 796 1163 versiones
829 1104 904 1162 ante
937 1097 1045 1164 oeulos
1075 1100 1225 1170 habuisse
1257 1115 1289 1172 et

113 1211 329 1294 perturbasse.
378 1206 584 1292 Paragrapho
613 1205 696 1272 enirn
727 1203 868 1271 secunda
897 1203 976 1270 dicit
1005 1212 1069 1272 tres
1102 1213 1288 1280 comoediae

113 1316 268 1402 periodos
292 1323 415 1382 extare:
448 1315 601 1392 γεγόνασι
625 1315 660 1378 δὲ
684 1313 855 1392 μεταβολαὶ
879 1314 1047 1396 κωμῳδίας
1071 1321 1171 1397 τρεῖς·
1196 1323 1247 1385 καὶ
1270 1323 1289 1401 ἡ

115 1427 176 1504 μὲν
198 1423 324 1506 ἀρχαία,
353 1424 372 1502 ἡ
398 1424 433 1487 δὲ
456 1419 524 1498 νέα,
555 1421 635 1499 ἡδὲ
664 1421 756 1499 μέση.
804 1417 930 1484 Deinde
953 1421 1105 1504 antiquae
1129 1423 1291 1492 definitio-

115 1553 190 1597 nem
207 1532 327 1605 tribuit,
352 1551 433 1614 quae
451 1529 619 1594 dumtaxat
637 1525 820 1613 primordiis
836 1528 996 1610 convenit,
1020 1529 1138 1596 talibus
1155 1533 1291 1601 fortasse

116 1638 226 1703 verbis
250 1637 416 1723 deeeptus,
442 1640 551 1722 qualia
573 1643 605 1706 in
630 1643 752 1709 scholio
776 1643 943 1708 Platonico
970 1645 1096 1706 extant:
1132 1640 1292 1721 πρότερον

117 1747 177 1824 μὲν
193 1749 258 1810 κτλ.
295 1745 469 1840 ¹Comoedia
486 1749 591 1814 media
607 1749 760 1816 definitur
777 1750 840 1817 his:
865 1755 922 1828 τῆς
940 1751 975 1812 δὲ
1000 1749 1102 1838 μέσης
1124 1751 1292 1833 κωμῳδίας

117 1853 150 1917 οἱ
167 1854 295 1930 ποιηταὶ
311 1855 501 1935 πλάσματος
522 1859 579 1935 μὲν
600 1859 659 1937 οὐχ
676 1859 803 1937 ἥψαντο
820 1860 996 1936 ποιητικοῦ,
1022 1856 1073 1920 διὰ
1091 1857 1125 1919 δὲ
1141 1860 1199 1934 τῆς
1216 1872 1292 1921 συν,-

117 1961 220 2040 ήθους
246 1960 350 2039 ἰόντες
376 1965 488 2043 λαλιᾶς
513 1967 643 2044 λογικὰς
668 1966 780 2045 ἔχουσι
804 1967 862 2043 τὰς
886 1965 1013 2045 ἀρετάς,
1044 1963 1129 2028 ὥστε
1153 1965 1293 2030 σπάνιον

117 2068 286 2146 ποιητικὸν
310 2067 390 2133 εἶναι
414 2077 596 2151 χαρακτῆρα
619 2071 694 2152 παρ’
717 2073 845 2152 αὐτοῖς·
870 2072 1146 2151 κατασχολοῦνται
1163 2073 1198 2134 δέ
1215 2071 1293 2137 πάν-

118 2196 173 2254 τες
197 2177 269 2253 περὶ
293 2176 350 2253 τὰς
375 2177 557 2259 ὑποθέσεις.
605 2174 694 2258 Quae
718 2180 865 2246 definitio
889 2181 921 2244 in
945 2178 1082 2244 mediam
1107 2199 1168 2242 non
1190 2181 1294 2263 magis

119 2297 217 2366 quam
245 2284 277 2347 in
301 2304 416 2348 novam
440 2287 639 2354 comoediam
664 2287 823 2370 quadrare
847 2288 923 2352 mihi
948 2286 1075 2352 videtur
1099 2285 1155 2361 (cf.
1181 2286 1303 2351 Fialirz·

119 2392 141 2457 l.
161 2391 181 2456 l.
206 2412 237 2475 p.
256 2391 322 2473 30),
346 2411 449 2474 neque
472 2393 603 2459 fortuito
627 2387 730 2461 novae
755 2394 977 2470 definitionem
1002 2395 1034 2458 in
1058 2413 1216 2478 anonymo
1241 2392 1296 2458 de-

120 2517 194 2564 esse
218 2499 365 2564 existimo
379 2502 413 2580 ¹).
460 2501 656 2587 Principium
681 2502 851 2588 partiendi,
883 2521 944 2584 quo
969 2521 1043 2566 usus
1067 2505 1126 2583 est,
1157 2499 1190 2564 id
1215 2507 1294 2583 erat,

120 2605 210 2690 quod
234 2608 266 2670 in
290 2607 428 2674 Tuetzae
452 2614 592 2675 tractatu
617 2612 667 2676 Pa
691 2612 740 2676 lll
765 2610 945 2675 adhibitum
970 2608 1121 2678 vidimus:
1151 2607 1221 2689 ὕλη,
1246 2609 1295 2688 μέ-

119 2735 211 2794 τρον,
235 2713 411 2797 διάλεκτος,
436 2719 599 2796 διασκευή.
646 2718 714 2784 Etsi
741 2717 802 2783 hoc
831 2715 990 2802 partiendi
1017 2714 1111 2798 modo
1136 2717 1295 2798 utebatur,

120 2821 371 2903 tripartitionem
397 2824 531 2908 recepit3
557 2826 891 2910 praeterea-antiquae
913 2821 1097 2889 comoediae
1114 2822 1298 2906 primordio-

121 2949 194 2994 rum
230 2927 451 2996 definitionem
485 2931 575 2996 dedit
611 2938 642 2996 et
675 2934 825 3015 antiquae
861 2930 1021 3015 propriam
1054 2931 1149 3016 plane
1181 2931 1296 2996 omisit.

122 3037 198 3114 Qua
221 3037 461 3120 perturbatione
478 3037 697 3104 demonstrata
711 3038 817 3120 ¹Procli
833 3039 945 3103 ambas
961 3037 1123 3102 versiones
1140 3058 1298 3122 anonymo

122 3150 255 3229 praesto
279 3143 378 3210 fuisse
401 3145 588 3228 probavisse
611 3145 689 3210 mihi
711 3145 833 3212 videor.

235 3252 265 3316 2.
302 3251 337 3317 Si
368 3253 559 3318 comicorum
592 3253 741 3336 indicem,
775 3253 829 3336 qui
859 3253 900 3317 ab
929 3272 1088 3336 anonymo
1118 3251 1298 3336 praebetur,

123 3358 367 3444 perlustramus
398 3359 539 3424 indicum
564 3360 688 3424 illorum
713 3379 957 3440 commonemur,
986 3359 1040 3441 qui
1064 3358 1156 3424 nobis
1179 3357 1299 3423 servati

52 3487 53 3494 ¹
123 3473 201 3534 sunt
225 3465 389 3531 codicibus
405 3467 698 3532 Montefalconiano
723 3473 755 3531 et
773 3465 959 3548 Bodleiano,
985 3485 1063 3548 quos
1088 3465 1300 3530 conferendos

124 3595 201 3640 curn
225 3595 383 3659 anonymo
408 3575 499 3640 iussit
522 3574 608 3640 idem
632 3574 799 3640 Kaibelius
822 3575 854 3638 in
879 3574 1086 3638 annotatione
1110 3573 1176 3653 illa,
1205 3593 1299 3655 quam

124 3702 225 3766 supra
257 3681 469 3748 laudavimus.
517 3681 604 3759 Quas
637 3681 764 3747 tabulas
797 3687 976 3766 postremus
1003 3678 1106 3744 edidit
1139 3685 1171 3743 et
1199 3679 1301 3744 fusius

125 3789 282 3855 tractavit
305 3788 343 3854 Ο.
370 3788 582 3871 llroehnertl,
612 3789 665 3870 qui
689 3796 722 3852 et
747 3789 815 3874 ipse
839 3785 1088 3866 similitudinem,
1113 3805 1195 3868 quae
1219 3787 1301 3851 inter

126 3916 238 3962 carum
263 3903 294 3960 et
319 3894 469 3978 anonymi
491 3895 684 3972 comicorum
709 3893 846 3958 indicem
871 3891 1058 3973 intercedit,
1075 3892 1302 3958 animadvertit

126 4003 187 4070 sed
216 4022 372 4084 quaenam
402 4003 443 4066 sit
471 4001 563 4066 huius
587 4021 758 4067 consensus
782 4020 879 4066 causa
908 4020 970 4063 non
995 3999 1163 4081 quaesivit.
1211 4001 1302 4064 Post-

127 4131 226 4194 quam
250 4127 442 4194 anonymum
466 4107 508 4173 ad
533 4109 638 4174 Procli
668 4105 947 4173 chrestomathiam
978 4105 1081 4172 redire
1108 4105 1302 4170 demonstra-

240 4375 249 4412 ¹
268 4376 335 4432 Non
355 4377 475 4445 quidem
496 4378 603 4445 ignoro
624 4385 692 4446 post
712 4393 739 4428 v.
759 4375 792 4428 61
813 4376 951 4430 lacunam
972 4375 1002 4426 in
1022 4379 1109 4427 textu
1130 4373 1221 4426 hiare.

239 4463 447 4520 2Οαιιοιιοοιιο
466 4471 622 4535 poetarum
648 4466 828 4535 scriptorum
848 4465 999 4518 artificum
1017 4479 1072 4534 per
1092 4463 1303 4530 antiquitatem

129 4553 278 4632 fuerunt?
315 4555 392 4610 Diss.
414 4556 527 4624 Regim.
551 4555 627 4609 1897.
