3206 5048
649 386 823 440 ..37-

147 564 244 642 Quod
271 561 436 650 Posidippi
464 585 579 631 nomen
609 566 639 629 in
664 565 828 632 laterculis
858 564 959 649 deest,
992 566 1129 632 fortasse
1162 564 1203 631 ad
1237 567 1320 632 oculi

135 681 289 740 'errorem
314 671 414 754 redit3
438 671 600 738 antecedit
631 674 713 738 eninr
738 675 770 737 in
795 693 954 757 anonymo
980 671 1171 758 Philippidis
1195 693 1320 738 nomen.

257 781 288 846 3.
313 779 379 845 Sed
403 779 566 844 omisimus
589 779 696 845 adhue
720 788 880 846 oratorum
898 788 930 846 et
949 779 1172 845 historicorum¹
1186 778 1320 848 indices.

148 887 195 952 Ut
218 885 357 951 vidimus
380 887 510 952 tabulae
527 887 558 950 M
574 889 661 972 prior
678 907 753 972 pars
770 887 938 967 (I-VIII)
963 886 1130 972 posteriori
1155 887 1321 953 tabulaeC

146 1001 304 1060 accurate
332 992 514 1077 respondet,
548 995 594 1058 ita
625 1002 659 1058 ut
689 995 910 1060 historicorum
942 1001 975 1060 et
1003 1002 1163 1058 oratorum
1196 993 1321 1060 indices

146 1100 275 1184 seiungi
299 1121 320 1164 a
344 1101 459 1166 ceteris
484 1120 545 1164 non
570 1100 702 1185 possint.
751 1100 874 1167 Eodem
897 1100 992 1166 modo
1021 1120 1083 1183 quo
1108 1101 1206 1165 ceteri
1231 1100 1321 1165 indu·

147 1214 266 1272 cuntur
287 1208 442 1286 ἱστορικοὶ
466 1222 486 1290 t,
517 1208 650 1287 ῥήτορες
674 1223 693 1272 r.
741 1210 864 1291 Itaque,
892 1209 919 1273 si
943 1215 1109 1292 poetarum
1133 1206 1255 1273 indices
1279 1207 1320 1272 ad
1415 1212 1417 1216 '

147 1315 300 1380 Proclum
318 1313 462 1396 redeunt,
487 1335 590 1380 nonne
606 1314 690 1380 idem
708 1316 823 1381 valere
840 1315 881 1380 de
905 1315 954 1382 his
978 1313 1224 1382 existimandum
1249 1315 1320 1381 est?

147 1423 188 1486 In
213 1421 482 1488 chrestomathiac
509 1423 600 1487 initio
625 1423 770 1491 Proclum
796 1424 916 1508 poesim
940 1429 971 1488 et
996 1443 1120 1507 prosam
1145 1424 1321 1489 orationem

148 1551 340 1615 comparare
364 1550 382 1594 e
405 1529 511 1594 Photii
536 1531 641 1596 verbis
666 1531 770 1596 elucet
794 1533 844 1595 καὶ
875 1531 910 1596 ἐν
935 1532 991 1609 μὲν
1015 1538 1060 1617 τῷ
1084 1531 1202 1615 πρώτῳ
1227 1530 1320 1613 λέγει,

148 1637 198 1717 ὼς
222 1638 254 1702 αἱ
278 1637 370 1702 αὐταί
398 1638 479 1703 εἰσιν
509 1637 618 1718 ἀρεταὶ
645 1642 702 1703 τοῦ
728 1640 827 1716 λόγου
851 1641 902 1703 καὶ
925 1639 1112 1720 ποιήματος,
1136 1636 1321 1717 παραλλάσ-

149 1759 251 1810 σουσι
275 1747 310 1809 δὲ
330 1745 426 1830 ἐντῷ
450 1748 572 1824 μᾶλλον
597 1747 647 1810 καὶ
670 1745 778 1823 ἦττον.
807 1745 1006 1812 Sententiam
1030 1746 1128 1829 igitur
1150 1744 1322 1830 profitetur

149 1853 273 1937 poesim
307 1860 339 1916 et
371 1871 547 1918 sermonem
582 1852 765 1937 pedestrem
801 1855 892 1917 nnius
924 1855 1051 1936 generis
1083 1852 1208 1937 species
1241 1870 1320 1916 esse.

150 1958 224 2036 Qua
239 1958 280 2024 de
296 1981 330 2025 re
354 1959 521 2024 Kaibefius
545 1979 576 2044 p.
590 1962 626 2024 21
646 1980 693 2042 sq.
719 1968 752 2025 et
776 1960 977 2026 Immisebius
1001 1981 1030 2044 p.
1056 1960 1121 2024 255
1143 1979 1190 2042 sq.
1220 1958 1322 2024 fusius

151 2076 297 2150 egerunt,
326 2087 457 2149 quorum
482 2066 536 2130 ille
560 2068 656 2131 etiam
681 2068 786 2152 poesis
810 2067 1042 2149 definitionem,
1070 2087 1165 2150 quarn
1190 2065 1321 2131 Procius

150 2174 287 2258 praebet
327 2173 439 2253 (schol.
473 2174 606 2258 Dionys.
640 2196 671 2259 p.
696 2175 777 2256 449,
802 2175 842 2241 21
870 2177 953 2257 sqq.)
993 2175 1024 2238 in
1068 2174 1155 2239 illam
1197 2180 1321 2239 senten-

151 2283 230 2346 tiam
255 2280 414 2364 quadrare
438 2280 588 2348 ostendit.
637 2282 678 2344 Αι
700 2280 857 2364 Proclnm,
890 2301 972 2363 quae
995 2280 1217 2365 propinquitas
1241 2281 1322 2345 inter

152 2391 275 2473 poesim
315 2395 347 2453 et
386 2409 511 2474 prosam
531 2389 722 2462 ,orationem
758 2387 948 2470 intercedat,
987 2408 1115 2453 monere
1151 2389 1229 2454 satis
1268 2387 1323 2452 ba·

153 2495 259 2560 buisse
288 2495 486 2560 Immischius
516 2517 546 2580 p.
572 2495 636 2559 246
658 2515 705 2577 sq.
739 2493 862 2560 statuit.
917 2495 951 2561 Si
984 2515 1035 2561 res
1067 2496 1113 2560 ita
1145 2515 1180 2560 se
1213 2493 1322 2577 habet,

152 2601 329 2686 putandum
368 2610 416 2668 est
453 2623 524 2668 eurn
566 2604 619 2684 qui
659 2623 797 2668 canones
835 2603 964 2688 scripsit
1002 2603 1227 2688 praefationis¹
1254 2621 1321 2666 ver-

153 2711 204 2774 bis
227 2717 415 2775 oommotum
440 2730 498 2775 sua
521 2717 634 2794 sponte
659 2710 905 2775 clarissimorum
937 2709 1159 2775 historicorum
1194 2715 1226 2774 et
1254 2730 1322 2774 ora-

154 2824 256 2881 torum
290 2819 417 2882 nomina
449 2816 623 2882 addidisse.
683 2816 748 2883 Sed
786 2818 893 2882 nescio
929 2838 969 2881 an
1004 2817 1137 2882 ulterius
1172 2815 1322 2901 progredi

155 2925 321 3008 possimos.
361 2923 561 2990 Immischins
585 2924 712 3007 quidem
731 2928 774 3010 (p.
793 2926 857 2990 246
874 2926 935 3008 sq.)
953 2931 1080 3009 praeter
1103 2930 1217 3009 poetas
1233 2923 1328 3006 quid·-

154 3051 248 3114 quam
272 3039 444 3097 tractatum
468 3051 538 3098 esse
562 3033 744 3116 praefracte
768 3040 876 3115 negat.
918 3031 990 3110 Qua
1013 3033 1045 3096 in
1069 3032 1229 3097 sententia
1252 3051 1322 3116 pro·

155 3138 261 3204 banda
293 3139 405 3206 nititur
438 3139 543 3205 Photii
577 3141 647 3206 loco
671 3162 703 3225 p.
731 3141 838 3222 230,1
875 3140 1081 3220 διαλαμβάνει
1111 3139 1146 3203 δὲ
1176 3141 1227 3202 καὶ
1251 3140 1323 3218 περὶ

154 3247 289 3327 κρίσεως
313 3248 490 3326 ποιήματος
515 3251 580 3312 κτλ.
606 3255 638 3312 et
661 3247 784 3313 scholio
806 3248 1004 3330 Gregoriano
1028 3248 1112 3326 φασὶ
1135 3247 1170 3309 δὲ
1193 3247 1244 3310 καὶ
1268 3246 1323 3310 ibr-

153 3361 218 3434 κῶς
235 3355 399 3432 ἐγκύκλιον
416 3357 473 3433 τὴν
493 3357 668 3437 ποιητικήν,
693 3357 765 3434 περὶ
782 3355 820 3434 ἧς
837 3357 887 3419 καὶ
903 3355 1053 3433 Πρόκλος
1078 3353 1096 3417 ὁ
1111 3353 1322 3430 Πλατωνικὸς

154 3463 190 3527 ἐν
213 3464 394 3547 μονοβίβλῳ
412 3463 617 3548 (μονοβιβλίιμ
635 3462 809 3543 immiscb.)
834 3464 905 3542 περὶ
929 3461 1046 3526 κύκλου
1070 3461 1322 3544 ἐπιγεγραμμένῃ

155 3570 359 3653 (ἐπιγραμένῃ
384 3569 466 3634 trad.
490 3570 600 3634 ἐπικοῦ
617 3569 745 3649 γράψας
764 3571 835 3650 lm.)
859 3570 928 3648 τὰς
952 3570 1029 3633 τὼν
1052 3573 1222 3645 ποιητῶν
1246 3569 1322 3631 διέ-

153 3683 250 3744 ξεισι
270 3676 411 3756 ἀρετὰς
427 3679 487 3741 καλ
506 3679 549 3742 τὰ
570 3677 658 3743 ἴδια.
696 3676 816 3756 Quibus
833 3675 956 3742 duobus
972 3676 1051 3741 loeis
1067 3676 1166 3740 totius
1182 3674 1323 3741 chresto·

153 3783 294 3849 mathiae
307 3791 527 3867 argumentum
540 3785 718 3868 significari
737 3791 837 3868 putat.
866 3785 1045 3865 Utcumque
1061 3781 1216 3847 scholium
1229 3782 1322 3846 inter-

153 3890 343 3976 pretandum
361 3897 420 3974 est,
438 3898 550 3975 poetas
567 3899 689 3956 tantum
706 3893 739 3955 in
757 3890 1007 3957 chrestomathia
1023 3895 1179 3955 tractatos
1195 3908 1265 3954 esse
1282 3910 1323 3956 ex

154 4018 192 4063 eo
216 3997 363 4063 concludi
387 4018 448 4062 non
473 4004 590 4083 potest.
626 4000 738 4080 Neque
765 3999 848 4064 ullus
871 3999 959 4063 loeus
983 3997 1016 4062 in
1033 3997 1140 4061 Photii
1160 3996 1323 4082 excerptis

154 4112 252 4189 extat,
286 4106 340 4171 ubi
376 4111 489 4190 poetas
522 4105 606 4171 solos
639 4105 770 4171 Procius
805 4112 961 4171 tractasse
994 4106 1131 4172 dicatur.
1180 4106 1323 4170 Immoe

154 4214 314 4297 prooemio
347 4213 501 4296 generali,
535 4212 620 4295 quod
653 4213 866 4298 praemittitur
898 4235 929 4298 p.
955 4215 1030 4296 229,
1061 4221 1166 4278 utrum
1191 4213 1322 4278 Procius

153 4319 194 4385 dc
218 4320 321 4404 poetis
353 4320 429 4385 solis
462 4341 503 4384 an
537 4319 634 4384 etiam
667 4319 707 4384 de
740 4340 855 4404 prosae
884 4320 1083 4386 artificiosae
1114 4319 1323 4405 scriptoribus

154 4427 297 4492 dicturus
321 4428 372 4510 sit,
409 4427 555 4493 concludi
583 4449 645 4493 non
670 4433 784 4511 potest.
833 4429 972 4493 Primum
996 4431 1090 4513 enim,
1114 4436 1149 4493 ut
1173 4425 1321 4517 vidimus,

153 4532 282 4602 easdem
306 4533 441 4602 virtutes
465 4536 628 4619 utriusque
653 4537 798 4622 proprias
822 4556 891 4603 esse
915 4538 1043 4604 statuit:
1069 4538 1120 4602 καὶ
1143 4536 1179 4602 ἐν
1200 4537 1257 4616 μὲν
1277 4546 1322 4626 τῷ
