3206 5048
673 325 850 380 ..11-

168 514 293 593 τρόπον
309 561 314 576 .
330 561 336 576 .
353 511 481 576 ,ἔπειτα
511 513 582 589 περὶ
611 516 668 589 τῆς
699 511 880 590 ἐπιγραφῆς
909 511 1018 586 εἰπεῖν,
1057 512 1107 574 καί
1136 511 1187 576 ἐπὶ
1216 508 1344 602 τούτοις

169 623 242 698 περὶ
266 623 362 684 ποῖον
386 617 473 696 εἶδος
498 617 649 694 ἀνάγεται
675 618 859 697 ῥητορικῆς·
885 621 985 680 ταῦτα
1009 617 1070 696 γάρ
1093 617 1129 681 ἐν
1153 617 1248 680 παντὶ
1271 630 1345 692 συγ-

168 727 327 806 γράμματι
351 726 517 804 Ζητητέον·
559 724 645 790 οὕτω
674 725 734 803 γὰρ
763 726 970 804 σαφέστερον
999 725 1038 788 τὰ
1069 725 1184 803 ἐφεξῆς
1209 722 1344 801 καταμά·

170 841 290 913 θοιμεν.
330 834 366 898 V.
386 834 430 897 10.
448 833 543 900 Siuel
564 852 643 897 eom.
663 833 694 896 in
712 833 864 914 Hermog.
882 831 926 895 id.
944 831 1022 896 ibid.
1041 831 1102 896 vol.
1117 831 1161 897 Vl
1180 852 1209 915 p.
1224 831 1267 896 63
1280 849 1327 912 sq.
1336 848 1345 894 ¹:

170 942 240 1006 ἐπεὶ
275 942 309 1004 δὲ
338 943 507 1019 μεθοδικὸν
537 941 574 1004 τὸ
604 941 790 1018 τεχνίτευμα
820 941 871 1003 καῖ
901 942 1068 1017 προσῆκον
1096 939 1140 1016 εἰς
1164 938 1346 1018 σαφήνειαν

169 1048 394 1127 προεκθέσθαι,
431 1049 542 1125 ὥσπερ
572 1047 643 1110 τινὰ
670 1046 961 1125 προλαμβανόμενα
984 1049 1041 1123 τῆς
1066 1049 1230 1127 μουσικῆς,
1266 1046 1345 1125 φέρε

168 1156 209 1219 τὰ
236 1155 300 1232 πρὸ
330 1155 453 1232 παντὸς
486 1156 711 1218 κανονιστικοῦ
744 1153 866 1232 βιβλίου
898 1153 1043 1231 λήμματα
1074 1153 1343 1230 προζητήσωμεν·

169 1261 190 1326 ἅ
221 1262 302 1326 εἰσιν
334 1260 353 1324 δ
382 1260 518 1338 σκοπός,
547 1261 585 1324 τὸ
609 1260 775 1338 χρήσιμον,
808 1261 846 1323 τὸ
869 1260 1016 1339 γνήσιον,
1045 1259 1063 1336 ἡ
1089 1259 1173 1323 αἰτία
1196 1263 1261 1338 τῆς
1279 1259 1344 1323 ἐπι-

168 1371 306 1447 γραφῆς,
330 1368 349 1446 ἡ
373 1365 460 1445 τάξις
484 1371 541 1444 τῆς
566 1365 796 1443 ἀναγνώσεως,
820 1365 839 1429 δ
863 1357 1089 1444 διδασκαλικὸς
1106 1367 1237 1448 τρόπος,
1263 1365 1345 1444 ήείς

167 1475 209 1539 τὰ
233 1461 393 1554 κεφάλαια
417 1474 584 1554 διαίρεσις,
609 1475 660 1536 καὶ
683 1473 702 1550 ἡ
727 1472 791 1536 ὑπὸ
815 1476 912 1536 ποῖον
937 1473 1033 1551 μέρος
1059 1462 1116 1550 τῆς
1143 1473 1344 1553 φιλοσοφίας

169 1580 323 1661 ἀναφορά
339 1601 401 1645 κτε.
436 1579 565 1664 Syriani
583 1579 877 1660 (Phoebammonis)
895 1579 1041 1662 prolegg.
1056 1563 1090 1642 in
1106 1579 1257 1662 Hermog.
1274 1582 1345 1658 περὶ

168 1689 265 1754 ἰδεῶν
281 1687 358 1752 ibid.
378 1687 439 1752 vol.
455 1687 514 1751 VII
531 1689 546 1750 l
566 1708 597 1770 p.
611 1687 653 1750 99
671 1687 775 1765 (voll
795 1707 826 1770 p.
844 1686 905 1750 108
924 1686 1043 1765 Rabo):
1067 1685 1224 1765 ἁψώμεθα
1237 1688 1272 1750 δὲ
1288 1690 1344 1764 τῆς

170 1795 381 1874 ὑποκειμένης
394 1794 610 1872 πραγματείας
625 1793 888 1872 μικράπρότερον
903 1795 1123 1871 διαλεχθέντες
1136 1795 1207 1872 περὶ
1219 1798 1276 1871 τῆς
1287 1798 1344 1857 τοῦ

169 1903 293 1982 βιβλίου
316 1901 528 1980 προθευιρίας.
566 1905 615 1964 δεῖ
631 1901 691 1979 γὰρ
716 1900 854 1964 ἐνταῦθα
878 1903 993 1979 ζητεῖν,
1019 1901 1039 1963 u
1064 1904 1345 1979 πολυπραγμονεῖν

169 2009 245 2086 ἔθος
263 2009 313 2072 ἐπὶ
334 2010 457 2086 παντὸς
479 2009 600 2087 βιβλίου
625 2007 763 2087 μάλιστα
780 2011 927 2086 τεχνικοῦ
942 2057 949 2072 .
965 2054 971 2068 .
987 2057 993 2070 .
1008 2007 1125 2084 Ζητεῑν
1141 2006 1200 2071 οὖν
1217 2009 1345 2086 ὑπερθέ-

168 2135 260 2194 μενοι
275 2117 417 2194 περὶτοῦ
431 2118 556 2179 σκοποῦ
570 2119 639 2192 τοῖς
654 2115 875 2194 ἐνισταμένοις
888 2115 969 2192 πρὸς
983 2115 1041 2191 τὴν
1054 2114 1236 2194 ἐπιγραφήν
1249 2113 1344 2179 ἀπαν-

169 2223 329 2300 τήσωμεν.
356 2222 505 2304 Prolegg.
519 2225 584 2286 τῶν
601 2221 751 2285 στάσεων
768 2220 845 2285 ibid.
860 2243 890 2305 p.
906 2223 959 2301 λίς
977 2220 1055 2285 ibid.
1069 2243 1100 2304 p.
1112 2223 1169 2285 40:
1187 2220 1257 2286 Ἐπὶ
1269 2242 1346 2286 παν-

171 2330 230 2406 τὸς
247 2330 282 2392 δὲ
299 2329 433 2410 βιβλίου,
457 2331 508 2392 καὶ
524 2327 662 2407 μάλιστα
679 2332 835 2410 τεχνικοῦ,
860 2332 909 2392 δεῖ
924 2329 963 2392 τά
979 2329 1011 2394 ἓξ
1028 2332 1128 2392 ταῦτα
1151 2333 1256 2405 ζητεῖν
1279 2321 1345 2394 κτλ.

171 2437 208 2499 ln
227 2436 332 2500 Procli
350 2435 587 2501 commentariis
604 2435 646 2499 ad
661 2435 804 2500 Platonis
830 2435 975 2517 dialogos
996 2436 1127 2518 seriptis
1151 2456 1212 2500 non
1236 2456 1345 2502 omnes

167 2543 243 2607 illas
260 2549 366 2626 partes
383 2544 514 2607 tractari
528 2543 640 2606 mirum
657 2563 718 2607 non
734 2552 791 2607 est.
820 2542 1137 2632 P1·olegomena‚.qua
1151 2544 1345 2626 proprietate

168 2655 241 2714 erat
256 2650 409 2733 seriptum
433 2649 645 2730 tractandum,
671 2649 791 2732 aliquid
809 2651 891 2713 inter
908 2669 942 2714 se
959 2649 1094 2714 differre
1112 2648 1176 2715 diei
1194 2651 1248 2714 vix
1265 2669 1345 2734 opus

168 2762 229 2820 est.
254 2757 289 2820 In
304 2757 532 2822 commentario
549 2758 581 2820 in
595 2756 739 2821 Platonis
753 2756 995 2839 Rempublieam
1010 2757 1129 2840 scripto
1147 2757 1342 2840 prooemium

166 2863 201 2926 in
226 2869 347 2946 septem
373 2871 481 2946 partes
506 2862 675 2927 dividitur:
704 2863 839 2944 σκοπός,
865 2863 973 2939 λόγων
996 2861 1095 2942 εἶδος,
1120 2861 1191 2943 ὕλη,
1217 2870 1343 2928 deterae

169 2976 279 3054 partes
303 2969 430 3055 proprie
455 2968 498 3034 ad
523 2969 765 3053 Rempublioam
790 2971 966 3053 pertinent:
991 2970 1152 3034 διελέσθαι
1176 2971 1234 3048 τὰς
1257 2973 1344 3035 πολι-

167 3077 256 3154 τείας
274 3125 281 3140 .
297 3125 303 3140 .
319 3125 326 3140 .
345 3078 392 3156 (4)
408 3077 509 3140 εἰπεῖν
527 3078 606 3154 ὑπὲρ
623 3081 680 3154 τῆς
697 3077 794 3154 ποίας
815 3077 904 3140 ἐστὶν
921 3076 1008 3160 αὐτῷ
1030 3078 1192 3155 πολιτείας
1210 3076 1229 3140 ὁ
1246 3076 1343 3155 λόγος

169 3185 288 3262 ...(5)
312 3188 453 3248 κατιδεῖν
475 3184 502 3248 εἰ
525 3185 580 3261 μία
604 3185 704 3262 μόνον
728 3185 747 3262 ἢ
772 3186 822 3248 καὶ
847 3185 975 3264 πολλαί,
1005 3186 1055 3248 καὶ
1080 3185 1106 3248 εἰ
1130 3185 1258 3266 πολλαί,
1288 3185 1343 3249 πό-

167 3304 225 3354 σαι
249 3291 300 3353 καὶ
322 3291 451 3370 τίνες..
467 3343 472 3356 .
488 3290 534 3370 (6)
559 3290 651 3354 έκτον
675 3290 775 3368 αὐτὴν
798 3292 895 3355 πάλιν
919 3293 977 3370 τῆν
1002 3291 1203 3370 ἐγκριθεῖσαν
1222 3283 1343 3356 θεάσα-

166 3401 244 3460 σθαι
268 3401 424 3475 ποσαχῶς
449 3397 547 3476 αὐτὸς
571 3395 654 3464 ἀξιοῖ
666 3398 807 3461 Πλάτων
830 3398 912 3476 ἡμᾶς
936 3398 1038 3477 ὁρᾶν.
1055 3447 1084 3462 ..
1104 3400 1149 3478 (7)
1176 3400 1234 3476 τῆν
1254 3397 1293 3462 δι’
1312 3398 1343 3462 ὅ·

163 3507 229 3574 ,λου
262 3507 319 3567 τοιῖ
352 3503 601 3583 συγγράμματος
634 3505 813 3582 διήκουσαν
848 3511 913 3568 τιῖιν
951 3506 1120 3584 δογμάτων
1150 3504 1343 3570 ἀκολουθίαν

168 3610 223 3674 ὑπ’
254 3608 332 3688 ὄψιν
360 3610 502 3688 ἀγαγεῖν.
540 3611 602 3676 vol.
627 3612 642 3674 Ι
667 3612 736 3696 μή
762 3611 862 3676 Kroll.
912 3613 947 3676 ln
975 3613 1203 3677 commentario
1232 3613 1264 3676 in
1290 3613 1342 3676 Ti·

167 3735 293 3781 maeum
310 3719 429 3802 scripto
447 3725 625 3800 tractantur
641 3719 775 3798 σκοπός,
794 3717 890 3801 εἶδος,
908 3703 1080 3799 ὑπόθεσις;
1106 3718 1222 3789 deinde
1239 3721 1342 3804 prius-

169 3843 264 3904 quam
295 3823 337 3888 ad
363 3824 488 3908 singula
519 3825 763 3908 transgreditur,
799 3826 875 3907 quid
905 3847 966 3891 vox
1000 3825 1133 3905 φύσεως
1167 3827 1342 3910 significet,

170 3929 298 3994 disserit
323 3931 464 3996 Proulus.
512 3931 549 3994 In
573 3933 799 3997 commentario
824 3933 856 3995 in
871 3931 1014 3996 Euolidis
1031 3933 1199 3997 Elementa
1223 3932 1343 4018 seripto

170 4036 250 4101 dicit
273 4038 305 4101 in
329 4039 463 4123 prologo
488 4038 588 4104 altero
613 4037 653 4102 de
678 4039 810 4104 oonsilio
836 4039 985 4118 (σκοπός)
1012 4047 1044 4104 et
1074 4038 1145 4104 libri
1170 4041 1343 4124 partitione

171 4143 204 4224 (ἡ
229 4143 376 4224 εἰς-μέρη
401 4149 506 4225 wuil-
615 4175 616 4178 ¹

279 4250 344 4316 Sed
370 4251 450 4316 haee
474 4251 638 4317 hactenus.
686 4253 825 4316 Maxime
848 4259 957 4318 nostra
981 4255 1133 4318 intererat
1157 4253 1343 4336 intellegere

171 4357 352 4442 philosophi
388 4360 500 4423 miram
537 4357 696 4440 quandam
732 4367 832 4424 artem
869 4359 1048 4425 disserendi
1084 4367 1116 4424 et
1152 4359 1343 4444 disponendi

171 4465 333 4548 propriam
358 4485 441 4547 esse3
468 4486 566 4547 quare
590 4465 719 4548 aoeidit,
745 4473 779 4530 ut
803 4466 872 4532 sive
896 4466 938 4530 ad
960 4475 1182 4550 argumentum
1206 4467 1275 4532 sive
1300 4466 1342 4534 ad
